<record><leader>00000cas a2200000 a 4500</leader><controlfield tag="001">18092845</controlfield><controlfield tag="008">880615d19701971waumr ne      0    0eng d</controlfield><datafield ind1=" " ind2=" " tag="010"><subfield code="a">sn 88085649 </subfield></datafield><datafield ind1=" " ind2=" " tag="040"><subfield code="a">SLZ</subfield><subfield code="b">eng</subfield><subfield code="c">SLZ</subfield><subfield code="d">OCL</subfield><subfield code="d">OCLCQ</subfield><subfield code="d">OCLCF</subfield><subfield code="d">OCLCO</subfield><subfield code="d">OCL</subfield></datafield><datafield ind1=" " ind2=" " tag="042"><subfield code="a">msc</subfield></datafield><datafield ind1=" " ind2=" " tag="043"><subfield code="a">n-us-wa</subfield></datafield><datafield ind1="0" ind2="0" tag="245"><subfield code="a">Olde Seattle star.</subfield></datafield><datafield ind1="3" ind2="0" tag="246"><subfield code="a">Old Seattle star</subfield></datafield><datafield ind1=" " ind2=" " tag="260"><subfield code="a">Seattle, Wash. :</subfield><subfield code="b">North Star Press</subfield></datafield><datafield ind1=" " ind2=" " tag="300"><subfield code="a">v.</subfield></datafield><datafield ind1=" " ind2=" " tag="310"><subfield code="a">Monthly</subfield></datafield><datafield ind1="0" ind2=" " tag="362"><subfield code="a">Vol. 1, no. 1 (Dec. 23, 1970)-</subfield></datafield><datafield ind1="1" ind2=" " tag="362"><subfield code="a">Ceased in 1971?</subfield></datafield><datafield ind1=" " ind2="0" tag="651"><subfield code="a">Pioneer Square (Seattle, Wash.)</subfield><subfield code="v">Newspapers.</subfield></datafield><datafield ind1=" " ind2="7" tag="651"><subfield code="a">Washington (State)</subfield><subfield code="z">Seattle</subfield><subfield code="z">Pioneer Square.</subfield><subfield code="2">fast</subfield><subfield code="0">(OCoLC)fst01317654</subfield></datafield><datafield ind1=" " ind2="7" tag="655"><subfield code="a">Newspapers.</subfield><subfield code="2">fast</subfield><subfield code="0">(OCoLC)fst01423814</subfield></datafield><datafield ind1=" " ind2=" " tag="752"><subfield code="a">United States</subfield><subfield code="b">Washington</subfield><subfield code="c">King</subfield><subfield code="d">Seattle.</subfield></datafield><datafield ind1="1" ind2=" " tag="029"><subfield code="a">AU@</subfield><subfield code="b">000020526382</subfield></datafield></record>